<?xml version="1.0" encoding="UTF-8"?><collection xmlns="http://www.loc.gov/MARC21/slim"><record><leader>00359nam--2200121-i-4500</leader><controlfield tag="001">000004676</controlfield><controlfield tag="002">20161230</controlfield><controlfield tag="005">20161230201026</controlfield><controlfield tag="008">060222s1000------------r-----000-0-eng-d</controlfield><datafield ind1=" " ind2=" " tag="100"><subfield code="a">Banu, Ileana Si Rosenberg, Mihai</subfield></datafield><datafield ind1=" " ind2=" " tag="245"><subfield code="a">Indicatori radioactivi in medicina. metode si aplicatii</subfield></datafield><datafield ind1=" " ind2=" " tag="260"><subfield code="a">Bucuresti, Editura Medicala, 1958. 546 P. + 162 Fig</subfield></datafield><datafield ind1=" " ind2=" " tag="852"><subfield code="a">6333</subfield></datafield></record></collection>